<?xml version="1.0" encoding="UTF-8"?><collection xmlns="http://www.loc.gov/MARC21/slim"><record><leader>00501nam--2200193-u-4500</leader><controlfield tag="001">000056782</controlfield><controlfield tag="002">20190705</controlfield><controlfield tag="005">20190705044444</controlfield><controlfield tag="008">190705s1000------------r-----000-0-rus-d</controlfield><datafield ind1=" " ind2=" " tag="040"><subfield code="a">IFIN-HH</subfield></datafield><datafield ind1=" " ind2=" " tag="041"><subfield code="a">rus</subfield></datafield><datafield ind1="1" ind2=" " tag="100"><subfield code="a">Rumer, Iu.B</subfield></datafield><datafield ind1="1" ind2="0" tag="245"><subfield code="a">Termodinamika statisticeskaia fizika i kinetika</subfield><subfield code="c">Iu. B. Rumer; M.S. Rivkin</subfield></datafield><datafield ind1=" " ind2=" " tag="260"><subfield code="a">Moskva</subfield><subfield code="b">Nauka</subfield><subfield code="c">1972</subfield></datafield><datafield ind1=" " ind2=" " tag="300"><subfield code="a">399 p</subfield></datafield><datafield ind1=" " ind2=" " tag="500"><subfield code="a">Donatie Dan Brancus</subfield></datafield><datafield ind1="1" ind2=" " tag="700"><subfield code="a">Rivkin, M.S</subfield></datafield><datafield ind1=" " ind2=" " tag="852"><subfield code="a">82722</subfield><subfield code="c">536.7</subfield></datafield><datafield ind1=" " ind2=" " tag="CAT"><subfield code="a">SYS</subfield><subfield code="c">20190705</subfield><subfield code="h">044444</subfield></datafield></record></collection>